@book{Gamma1995,
 author = {Gamma, Erich and Helm, Richard and Johnson, Ralph and Vlissides, John},
 title = {Design Patterns: Elements of Reusable Object-oriented Software},
 year = {1995},
 publisher = {Addison-Wesley Longman Publishing Co., Inc.},
 address = {Boston, MA, USA},
}

@ONLINE{Yahoo2015,
author = {Yahoo},
title = {Yahoo Design Pattern Library},
year = {2015},
url = {https://developer.yahoo.com/ypatterns/},
urldate = {17.09.2015},
}

@ONLINE{Welie2008,
author = {Martijn van Welie},
title = {Patterns in Interaction Design},
year = {2008},
url = {http://www.welie.com/patterns},
urldate = {17.09.2015},
}

@book{Tidwell2010,
  address = {Sebastopol, CA},
  author = {Tidwell, Jenifer.},
  publisher = {O'Reilly},
  title = {Designing interfaces},
  year = {2010},
}

@article{Terrenghi2009,
 author = {Terrenghi, Lucia and Quigley, Aaron and Dix, Alan},
 title = {A Taxonomy for and Analysis of Multi-person-display Ecosystems},
 journal = {Personal Ubiquitous Comput.},
 issue_date = {November  2009},
 volume = {13},
 number = {8},
 month = nov,
 year = {2009},
 pages = {583--598},
 numpages = {16},
 publisher = {Springer-Verlag},
 address = {London, UK, UK},
}

@inproceedings{Hamilton2014,
 author = {Hamilton, Peter and Wigdor, Daniel J.},
 title = {Conductor: Enabling and Understanding Cross-device Interaction},
 booktitle = {Proceedings of the SIGCHI Conference on Human Factors in Computing Systems},
 series = {CHI '14},
 year = {2014},
 location = {Toronto, Ontario, Canada},
 pages = {2773--2782},
 numpages = {10},
 publisher = {ACM},
 address = {New York, NY, USA},
}

@inproceedings{Rekimoto1996,
 author = {Rekimoto, Jun},
 title = {Tilting Operations for Small Screen Interfaces},
 booktitle = {Proceedings of the 9th Annual ACM Symposium on User Interface Software and Technology},
 series = {UIST '96},
 year = {1996},
 location = {Seattle, Washington, USA},
 pages = {167--168},
 numpages = {2},
 publisher = {ACM},
 address = {New York, NY, USA},
}

@inproceedings{Rekimoto1997,
 author = {Rekimoto, Jun},
 title = {Pick-and-drop: A Direct Manipulation Technique for Multiple Computer Environments},
 booktitle = {Proceedings of the 10th Annual ACM Symposium on User Interface Software and Technology},
 series = {UIST '97},
 year = {1997},
 location = {Banff, Alberta, Canada},
 pages = {31--39},
 numpages = {9},
 publisher = {ACM},
 address = {New York, NY, USA},
}

@inproceedings{Seyed2012,
 author = {Seyed, Teddy and Burns, Chris and Costa Sousa, Mario and Maurer, Frank and Tang, Anthony},
 title = {Eliciting Usable Gestures for Multi-display Environments},
 booktitle = {Proceedings of the 2012 ACM International Conference on Interactive Tabletops and Surfaces},
 series = {ITS '12},
 year = {2012},
 location = {Cambridge, Massachusetts, USA},
 pages = {41--50},
 numpages = {10},
 publisher = {ACM},
 address = {New York, NY, USA},
}

@book{Nagel2013,
author = {Nagel, Wolfram and Fischer, Valentin},
title = {Multiscreen Experience Design: Prinzipien, Muster und Faktoren für die Strategieentwicklung und Konzeption digitaler Services für verschiedene Endgeräte},
publisher = {digiparden GmbH},
year = "2013",
ADDRESS = "Schwäbisch Gmünd",
}

@book{Alexander1977,
  address = {New York},
  author = {Alexander, Christopher and Ishikawa, Sara and Silverstein, Murray},
  month = {August},
  priority = {2},
  publisher = {Oxford University Press},
  title = {A Pattern Language: Towns, Buildings, Construction},
  year = 1977
}

@ONLINE{Google2012,
  author = {Google},
  title= {The New Multi-screen World: Understanding Cross-platform Consumer Behaviour}, 
  year = {2012},
  url = {http://think.withgoogle.com/databoard/media/pdfs/the-new-multi-screen-world-study_research-studies.pdf},
  urldate = {18.09.2015}, 
}

@inproceedings{Hinckley2004,
 author = {Hinckley, Ken and Ramos, Gonzalo and Guimbretiere, Francois and Baudisch, Patrick and Smith, Marc},
 title = {Stitching: Pen Gestures That Span Multiple Displays},
 booktitle = {Proceedings of the Working Conference on Advanced Visual Interfaces},
 series = {AVI '04},
 year = {2004},
 location = {Gallipoli, Italy},
 pages = {23--31},
 numpages = {9},
 publisher = {ACM},
 address = {New York, NY, USA},
 keywords = {co-located collaboration, mobile devices, pen computing, proxemics, spontaneous device sharing, synchronous gestures},
}

@ONLINE{Apple2010,
title = {Apple Sells Three Million iPads in 80 Days},
url = {http://www.apple.com/pr/library/2010/06/22Apple-Sells-Three-Million-iPads-in-80-Days.html},
urldate = {18.09.2015},
author = {Apple},
year = {2010},
}

@techreport{Microsoft2013,
title = {Cross screen engagement: Multi-screen pathways reveal new opportunities
for marketers to reach and engage consumers},
author = {Microsoft},
institution = {Microsoft Advertising, Flamingo \& Ipsos OTX},
year = {2013},
number = 3526,
}

@inproceedings{Izadi2003,
 author = {Izadi, Shahram and Brignull, Harry and Rodden, Tom and Rogers, Yvonne and Underwood, Mia},
 title = {Dynamo: A Public Interactive Surface Supporting the Cooperative Sharing and Exchange of Media},
 booktitle = {Proceedings of the 16th Annual ACM Symposium on User Interface Software and Technology},
 series = {UIST '03},
 year = {2003},
 location = {Vancouver, Canada},
 pages = {159--168},
 numpages = {10},
 publisher = {ACM},
 address = {New York, NY, USA},
}

@article{Rawassizadeh2014,
 author = {Rawassizadeh, Reza and Price, Blaine A. and Petre, Marian},
 title = {Wearables: Has the Age of Smartwatches Finally Arrived?},
 journal = {Commun. ACM},
 issue_date = {January 2015},
 volume = {58},
 number = {1},
 month = dec,
 year = {2014},
 pages = {45--47},
 numpages = {3},
 publisher = {ACM},
 address = {New York, NY, USA},
}

@book{Kurose2014,
 author={Kurose, James F. and Keith W. Ross},
 title={Computernetzwerke : der Top-Down-Ansatz.},
 publisher={Pearson Deutschland},
 address={Hallbergmoos},
 year={2014},
}
 
@misc{ieee802.15.4_standard,
    editor = "Institute of Electrical and Electronics Engineers",
    howpublished = "IEEE Computer Society",
    month = oct,
    address = "New York, NY, USA",
    title = "IEEE Standard for Information technology -- Telecommunication and information exchange between systems -- Local and metropolitan area networks -- Specific requirements. Part 15.4: Wireless Medium Access Control (MAC) and Physical Layer (PHY) Specifications for Low-Rate Wireless Personal Area Networks (LR-WPANs)",
    year = "2003"
}

@inproceedings{Yoon2014,
 author = {Yoon, Sang Ho},
 title = {Designing New Input Modalities for Wearables \& Digitized Home},
 booktitle = {Proceedings of the 2014 ACM International Symposium on Wearable Computers: Adjunct Program},
 series = {ISWC '14 Adjunct},
 year = {2014},
 location = {Seattle, Washington},
 pages = {151--154},
 numpages = {4},
 publisher = {ACM},
 address = {New York, NY, USA},
}

@online{NFCAbout,
 url = {http://nfc-forum.org/about-us/the-nfc-forum/},
 urldate = {23.09.2015},
 title = {Our Mission \& Goals},
 author = {{NFC Forum}},
 year = 2015,
}

@online{NFCWhat,
 url = {http://nfc-forum.org/what-is-nfc/what-it-does/},
 urldate = {23.09.2015},
 title = {What It Does},
 author = {{NFC Forum}},
 year = 2015,
}


@ARTICLE{Want2006,
author={Want, R.},
journal={Pervasive Computing, IEEE},
title={An introduction to RFID technology},
year={2006},
volume={5},
number={1},
pages={25-33},
month={Jan},
}

@online{WifiAllianceAbout,
 url = {http://www.wi-fi.org/who-we-are},
 urldate = {23.09.2015},
 title = {Who We Are},
 author = {{Wi-Fi Alliance}},
 year = 2015,
}


@online{WifiDirect,
 url = {http://www.wi-fi.org/discover-wi-fi/wi-fi-direct},
 urldate = {23.09.2015},
 title = {Wi-Fi Direct},
 author = {{Wi-Fi Alliance}},
 year = 2015,
}

@article{Hansen2015,
 author = {Hansen, Christopher J.},
 title = {Internetworking with Bluetooth Low Energy},
 journal = {GetMobile: Mobile Comp. and Comm.},
 issue_date = {April 2015},
 volume = {19},
 number = {2},
 month = aug,
 year = {2015},
 issn = {2375-0529},
 pages = {34--38},
 numpages = {5},
 publisher = {ACM},
 address = {New York, NY, USA},
}

@online{Bluetooth,
 url = {http://www.bluetooth.com/Pages/Basics.aspx},
 urldate = {23.09.2015},
 title = {A Look at the Basics of Bluetooth Technology},
 author = {{Bluetooth SIG}},
 year = 2015,
}

@online{iBeacon,
 url = {https://developer.apple.com/ibeacon/Getting-Started-with-iBeacon.pdf},
 urldate = {23.09.2015},
 title = {Getting Started with iBeacon},
 author = {Apple},
 year = 2014,
}

@online{Eddystone,
 url = {https://developers.google.com/beacons/overview},
 urldate = {23.09.2015},
 title = {Getting Started with iBeacon},
 author = {Google},
 year = 2015,
}

@inproceedings{Oliveira2011,
 author = {Oliveira, Jo{\~{a}}o and Guerreiro, Tiago and Nicolau, Hugo and Jorge, Joaquim and Gon\c{c}alves, Daniel},
 title = {BrailleType: Unleashing Braille over Touch Screen Mobile Phones},
 booktitle = {Proceedings of the 13th IFIP TC 13 International Conference on Human-computer Interaction - Volume Part I},
 series = {INTERACT'11},
 year = {2011},
 location = {Lisbon, Portugal},
 pages = {100--107},
 numpages = {8},
 publisher = {Springer-Verlag},
 address = {Berlin, Heidelberg},
}

@inproceedings{Shirazi2009,
 author = {Shirazi, Alireza Sahami and Winkler, Christian and Schmidt, Albrecht},
 title = {Flashlight Interaction: A Study on Mobile Phone Interaction Techniques with Large Displays},
 booktitle = {Proceedings of the 11th International Conference on Human-Computer Interaction with Mobile Devices and Services},
 series = {MobileHCI '09},
 year = {2009},
 location = {Bonn, Germany},
 pages = {93:1--93:2},
 articleno = {93},
 numpages = {2},
 publisher = {ACM},
 address = {New York, NY, USA},
 keywords = {interaction, light, mobile phone, public display},
}

@online{AndroidSensors,
 url = {http://developer.android.com/guide/topics/sensors/sensors_overview.html},
 urldate = {24.09.2015},
 title = {Sensors Overview},
 author = {Android},
 year = 2015,
}

@online{AndroidMotionSensors,
 url = {http://developer.android.com/guide/topics/sensors/sensors_motion.html},
 urldate = {24.09.2015},
 title = {Motion Sensors},
 author = {Android},
 year = 2015,
}


@online{AndroidPositionSensors,
 url = {http://developer.android.com/guide/topics/sensors/sensors_position.html},
 urldate = {24.09.2015},
 title = {Position Sensors},
 author = {Android},
 year = 2015,
}


@inproceedings{Nirupam2015,
 author = {Roy, Nirupam and Gowda, Mahanth and Choudhury, Romit Roy},
 title = {Ripple: Communicating Through Physical Vibration},
 booktitle = {Proceedings of the 12th USENIX Conference on Networked Systems Design and Implementation},
 series = {NSDI'15},
 year = {2015},
 location = {Oakland, CA},
 pages = {265--278},
 numpages = {14},
 publisher = {USENIX Association},
 address = {Berkeley, CA, USA},
}

@book{Banga2014,
 author = {Banga, Cameron and Weinhold, Josh},
 title = {Essential Mobile Interaction Design: Perfecting Interface Design in Mobile Apps},
 year = {2014},
 edition = {1st},
 publisher = {Addison-Wesley Professional},
}

@incollection{Walker2015,
  author= {Walker, Geoff},
  editor = {Bhowmik, Achintya K.},
  year= 2015, 
  booktitle = {Interactive Displays},
  title = {Touch Sensing}, 
  publisher = {John Wiley \& Sons, Ltd},
}


@inproceedings{Aumi2013,
 author = {Aumi, Md Tanvir Islam and Gupta, Sidhant and Goel, Mayank and Larson, Eric and Patel, Shwetak},
 title = {DopLink: Using the Doppler Effect for Multi-device Interaction},
 booktitle = {Proceedings of the 2013 ACM International Joint Conference on Pervasive and Ubiquitous Computing},
 series = {UbiComp '13},
 year = {2013},
 location = {Zurich, Switzerland},
 pages = {583--586},
 numpages = {4},
 publisher = {ACM},
 address = {New York, NY, USA},
}

@book{Fuchs2009,
 author = {Thomas Fuch\ss},
 title = {Mobile Computing},
 year = {2009},
 publisher = {Carl Hanser Verlag GmbH \& Co. KG},
 address = {München}
}

@online{Mathworks2014,
 url = {http://www.mathworks.com/matlabcentral/fileexchange/40876-android-sensor-support-from-matlab--r2013a--r2013b-/content/sensorgroup/Examples/html/CapturingAzimuthRollPitchExample.html},
 urldate = {25.09.2015},
 title = {Capturing Azimuth, Pitch, and Roll Example},
 author = {MathWorks},
 year = {2014},
}

@inproceedings{Echtler2012,
 author = {Echtler, Florian and Butz, Andreas},
 title = {GISpL: Gestures Made Easy},
 booktitle = {Proceedings of the Sixth International Conference on Tangible, Embedded and Embodied Interaction},
 series = {TEI '12},
 year = {2012},
 location = {Kingston, Ontario, Canada},
 pages = {233--240},
 numpages = {8},
 publisher = {ACM},
 address = {New York, NY, USA},
}


@book{UML2012,
 author = {Rupp, Chris and Queins, Stefan and SOPHISTen, Die},
 title = {UML 2 glasklar: Praxiswissen für die UML-Modellierung},
 edition = {4. Auflage},
 publisher = {Hanser Verlag},
 address = {München},
 year = {2012},
}

@inproceedings{Borchers2000,
 author = {Borchers, Jan O.},
 title = {A Pattern Approach to Interaction Design},
 booktitle = {Proceedings of the 3rd Conference on Designing Interactive Systems: Processes, Practices, Methods, and Techniques},
 series = {DIS '00},
 year = {2000},
 location = {New York City, New York, USA},
 pages = {369--378},
 numpages = {10},
 publisher = {ACM},
 address = {New York, NY, USA},
}

@inproceedings{Holmquist2001,
 author = {Holmquist, Lars Erik and Mattern, Friedemann and Schiele, Bernt and Alahuhta, Petteri and Beigl, Michael and Gellersen, Hans-Werner},
 title = {Smart-Its Friends: A Technique for Users to Easily Establish Connections Between Smart Artefacts},
 booktitle = {Proceedings of the 3rd International Conference on Ubiquitous Computing},
 series = {UbiComp '01},
 year = {2001},
 location = {Atlanta, Georgia, USA},
 pages = {116--122},
 numpages = {7},
 publisher = {Springer-Verlag},
 address = {London, UK, UK},
}

@inproceedings{Dachselt2009,
 author = {Dachselt, Raimund and Buchholz, Robert},
 title = {Natural Throw and Tilt Interaction Between Mobile Phones and Distant Displays},
 booktitle = {CHI '09 Extended Abstracts on Human Factors in Computing Systems},
 series = {CHI EA '09},
 year = {2009},
 location = {Boston, MA, USA},
 pages = {3253--3258},
 numpages = {6},
 publisher = {ACM},
 address = {New York, NY, USA},
}

@inproceedings{Hinckley2003,
 author = {Hinckley, Ken},
 title = {Synchronous Gestures for Multiple Persons and Computers},
 booktitle = {Proceedings of the 16th Annual ACM Symposium on User Interface Software and Technology},
 series = {UIST '03},
 year = {2003},
 location = {Vancouver, Canada},
 pages = {149--158},
 numpages = {10},
 publisher = {ACM},
 address = {New York, NY, USA},
}

@inproceedings{Lucero2011,
 author = {Lucero, Andr{\'e}s and Holopainen, Jussi and Jokela, Tero},
 title = {Pass-them-around: Collaborative Use of Mobile Phones for Photo Sharing},
 booktitle = {Proceedings of the SIGCHI Conference on Human Factors in Computing Systems},
 series = {CHI '11},
 year = {2011},
 location = {Vancouver, BC, Canada},
 pages = {1787--1796},
 numpages = {10},
 publisher = {ACM},
 address = {New York, NY, USA},
}

@inproceedings{Cho2007,
 author = {Cho, Sung-Jung and Murray-Smith, Roderick and Kim, Yeun-Bae},
 title = {Multi-context Photo Browsing on Mobile Devices Based on Tilt Dynamics},
 booktitle = {Proceedings of the 9th International Conference on Human Computer Interaction with Mobile Devices and Services},
 series = {MobileHCI '07},
 year = {2007},
 location = {Singapore},
 pages = {190--197},
 numpages = {8},
 publisher = {ACM},
 address = {New York, NY, USA},
}

@inproceedings{Chen2014,
 author = {Chen, Xiang 'Anthony' and Grossman, Tovi and Wigdor, Daniel J. and Fitzmaurice, George},
 title = {Duet: Exploring Joint Interactions on a Smart Phone and a Smart Watch},
 booktitle = {Proceedings of the SIGCHI Conference on Human Factors in Computing Systems},
 series = {CHI '14},
 year = {2014},
 location = {Toronto, Ontario, Canada},
 pages = {159--168},
 numpages = {10},
 publisher = {ACM},
 address = {New York, NY, USA},
}

@inproceedings{Nielsen2014,
 author = {Nielsen, Heidi Selmer and Olsen, Marius Pallisgaard and Skov, Mikael B. and Kjeldskov, Jesper},
 title = {JuxtaPinch: An Application for Collocated Multi-device Photo Sharing},
 booktitle = {Proceedings of the 16th International Conference on Human-computer Interaction with Mobile Devices \& Services},
 series = {MobileHCI '14},
 year = {2014},
 location = {Toronto, ON, Canada},
 pages = {417--420},
 numpages = {4},
 publisher = {ACM},
 address = {New York, NY, USA},
 keywords = {collocated photo sharing, multi device, pinching},
}

@article{Rekimoto2004,
 author = {Rekimoto, Jun},
 title = {SyncTap: Synchronous User Operation for Spontaneous Network Connection},
 journal = {Personal Ubiquitous Comput.},
 issue_date = {May 2004},
 volume = {8},
 number = {2},
 month = may,
 year = {2004},
 pages = {126--134},
 numpages = {9},
 publisher = {Springer-Verlag},
 address = {London, UK, UK},
 keywords = {Mobile computing, Resource discovery, Security, Spontaneous networking, SyncTap, Synchronous operation, Wireless communication},
}

@inproceedings{Wilson2007,
 author = {Wilson, Andrew D. and Sarin, Raman},
 title = {BlueTable: Connecting Wireless Mobile Devices on Interactive Surfaces Using Vision-based Handshaking},
 booktitle = {Proceedings of Graphics Interface 2007},
 series = {GI '07},
 year = {2007},
 location = {Montreal, Canada},
 pages = {119--125},
 numpages = {7},
 publisher = {ACM},
 address = {New York, NY, USA},
}

@inproceedings{Wilson2005,
 author = {Wilson, Andrew D.},
 title = {PlayAnywhere: A Compact Interactive Tabletop Projection-vision System},
 booktitle = {Proceedings of the 18th Annual ACM Symposium on User Interface Software and Technology},
 series = {UIST '05},
 year = {2005},
 location = {Seattle, WA, USA},
 pages = {83--92},
 numpages = {10},
 publisher = {ACM},
 address = {New York, NY, USA},
}

@online{Wikipedia2015,
 title = {Bluetooth Low Energy},
 url = {https://de.wikipedia.org/w/index.php?title=Bluetooth_Low_Energy&oldid=146099460},
 urldate = {06.11.2015},
 author = {Wikipedia},
 year = 2015
}

@INPROCEEDINGS{Limbourg04,
  author = {Quentin Limbourg and Jean Vanderdonckt and Benjamin Michotte and Laurent Bouillon and Murielle Florins and Daniela Trevisan},
  title = {UsiXML: A User Interface Description Language for Context-Sensitive User Interfaces},
  booktitle = {Proceedings of the ACM AVI'2004 Workshop "Developing User Interfaces with XML: Advances on User Interface Description Languages"},
  year = {2004},
  pages = {55--62},
  publisher = {ACM}
}

@inproceedings{Kammer2010,
 author = {Kammer, Dietrich and Wojdziak, Jan and Keck, Mandy and Groh, Rainer and Taranko, Severin},
 title = {Towards a Formalization of Multi-touch Gestures},
 booktitle = {ACM International Conference on Interactive Tabletops and Surfaces},
 series = {ITS '10},
 year = {2010},
 location = {Saarbrücken, Germany},
 pages = {49--58},
 numpages = {10},
 publisher = {ACM},
 address = {New York, NY, USA},
 keywords = {formalization, gestures, interaction, multi-touch, standardization},
}

@online{Kammer2013,
  url = {http://vi-c.de/geformt/index.html},
  author = {Kammer, Dietrich},
  year = {2013},
  urldate = {10.11.2015},
  title = {Gesture Formalization for Multi-touch},
}